%YAML 1.1
%TAG !u! tag:unity3d.com,2011:
--- !u!1 &7042252972641914979
GameObject:
  m_ObjectHideFlags: 0
  m_CorrespondingSourceObject: {fileID: 0}
  m_PrefabInstance: {fileID: 0}
  m_PrefabAsset: {fileID: 0}
  serializedVersion: 6
  m_Component:
  - component: {fileID: 996865854933812824}
  m_Layer: 11
  m_Name: PropsCTO
  m_TagString: Untagged
  m_Icon: {fileID: 0}
  m_NavMeshLayer: 0
  m_StaticEditorFlags: 4294967295
  m_IsActive: 1
--- !u!4 &996865854933812824
Transform:
  m_ObjectHideFlags: 0
  m_CorrespondingSourceObject: {fileID: 0}
  m_PrefabInstance: {fileID: 0}
  m_PrefabAsset: {fileID: 0}
  m_GameObject: {fileID: 7042252972641914979}
  m_LocalRotation: {x: 0, y: 0, z: 0, w: 1}
  m_LocalPosition: {x: 0, y: 0, z: 0}
  m_LocalScale: {x: 1, y: 1, z: 1}
  m_Children:
  - {fileID: 1606288394181161954}
  - {fileID: 429290300280486764}
  - {fileID: 427698551069231028}
  - {fileID: 7507546009681760056}
  - {fileID: 7218124542232543369}
  - {fileID: 7418157138741350764}
  - {fileID: 5114364072365293952}
  m_Father: {fileID: 735487679234833172}
  m_RootOrder: 2
  m_LocalEulerAnglesHint: {x: 0, y: 0, z: 0}
--- !u!1001 &423804066974790474
PrefabInstance:
  m_ObjectHideFlags: 0
  serializedVersion: 2
  m_Modification:
    m_TransformParent: {fileID: 996865854933812824}
    m_Modifications:
    - target: {fileID: 1550026871934628, guid: 1f1181424ea20d64ea8a1054356fb358, type: 3}
      propertyPath: m_Name
      value: Briefcase (2)
      objectReference: {fileID: 0}
    - target: {fileID: 4180469323904254, guid: 1f1181424ea20d64ea8a1054356fb358, type: 3}
      propertyPath: m_RootOrder
      value: 2
      objectReference: {fileID: 0}
    - target: {fileID: 4180469323904254, guid: 1f1181424ea20d64ea8a1054356fb358, type: 3}
      propertyPath: m_LocalPosition.x
      value: 0.604
      objectReference: {fileID: 0}
    - target: {fileID: 4180469323904254, guid: 1f1181424ea20d64ea8a1054356fb358, type: 3}
      propertyPath: m_LocalPosition.y
      value: 0.74
      objectReference: {fileID: 0}
    - target: {fileID: 4180469323904254, guid: 1f1181424ea20d64ea8a1054356fb358, type: 3}
      propertyPath: m_LocalPosition.z
      value: -0.10000003
      objectReference: {fileID: 0}
    - target: {fileID: 4180469323904254, guid: 1f1181424ea20d64ea8a1054356fb358, type: 3}
      propertyPath: m_LocalRotation.w
      value: 1
      objectReference: {fileID: 0}
    - target: {fileID: 4180469323904254, guid: 1f1181424ea20d64ea8a1054356fb358, type: 3}
      propertyPath: m_LocalRotation.x
      value: 0.000000021855694
      objectReference: {fileID: 0}
    - target: {fileID: 4180469323904254, guid: 1f1181424ea20d64ea8a1054356fb358, type: 3}
      propertyPath: m_LocalRotation.y
      value: -0
      objectReference: {fileID: 0}
    - target: {fileID: 4180469323904254, guid: 1f1181424ea20d64ea8a1054356fb358, type: 3}
      propertyPath: m_LocalRotation.z
      value: -0
      objectReference: {fileID: 0}
    - target: {fileID: 4180469323904254, guid: 1f1181424ea20d64ea8a1054356fb358, type: 3}
      propertyPath: m_LocalEulerAnglesHint.x
      value: 0
      objectReference: {fileID: 0}
    - target: {fileID: 4180469323904254, guid: 1f1181424ea20d64ea8a1054356fb358, type: 3}
      propertyPath: m_LocalEulerAnglesHint.y
      value: 0
      objectReference: {fileID: 0}
    - target: {fileID: 4180469323904254, guid: 1f1181424ea20d64ea8a1054356fb358, type: 3}
      propertyPath: m_LocalEulerAnglesHint.z
      value: 0
      objectReference: {fileID: 0}
    m_RemovedComponents: []
  m_SourcePrefab: {fileID: 100100000, guid: 1f1181424ea20d64ea8a1054356fb358, type: 3}
--- !u!4 &427698551069231028 stripped
Transform:
  m_CorrespondingSourceObject: {fileID: 4180469323904254, guid: 1f1181424ea20d64ea8a1054356fb358,
    type: 3}
  m_PrefabInstance: {fileID: 423804066974790474}
  m_PrefabAsset: {fileID: 0}
--- !u!1001 &431218967205810066
PrefabInstance:
  m_ObjectHideFlags: 0
  serializedVersion: 2
  m_Modification:
    m_TransformParent: {fileID: 996865854933812824}
    m_Modifications:
    - target: {fileID: 1550026871934628, guid: 1f1181424ea20d64ea8a1054356fb358, type: 3}
      propertyPath: m_Name
      value: Briefcase (1)
      objectReference: {fileID: 0}
    - target: {fileID: 4180469323904254, guid: 1f1181424ea20d64ea8a1054356fb358, type: 3}
      propertyPath: m_RootOrder
      value: 1
      objectReference: {fileID: 0}
    - target: {fileID: 4180469323904254, guid: 1f1181424ea20d64ea8a1054356fb358, type: 3}
      propertyPath: m_LocalPosition.x
      value: 0.604
      objectReference: {fileID: 0}
    - target: {fileID: 4180469323904254, guid: 1f1181424ea20d64ea8a1054356fb358, type: 3}
      propertyPath: m_LocalPosition.y
      value: 0.74
      objectReference: {fileID: 0}
    - target: {fileID: 4180469323904254, guid: 1f1181424ea20d64ea8a1054356fb358, type: 3}
      propertyPath: m_LocalPosition.z
      value: 0.09999997
      objectReference: {fileID: 0}
    - target: {fileID: 4180469323904254, guid: 1f1181424ea20d64ea8a1054356fb358, type: 3}
      propertyPath: m_LocalRotation.w
      value: 1
      objectReference: {fileID: 0}
    - target: {fileID: 4180469323904254, guid: 1f1181424ea20d64ea8a1054356fb358, type: 3}
      propertyPath: m_LocalRotation.x
      value: 0.000000021855694
      objectReference: {fileID: 0}
    - target: {fileID: 4180469323904254, guid: 1f1181424ea20d64ea8a1054356fb358, type: 3}
      propertyPath: m_LocalRotation.y
      value: -0
      objectReference: {fileID: 0}
    - target: {fileID: 4180469323904254, guid: 1f1181424ea20d64ea8a1054356fb358, type: 3}
      propertyPath: m_LocalRotation.z
      value: -0
      objectReference: {fileID: 0}
    - target: {fileID: 4180469323904254, guid: 1f1181424ea20d64ea8a1054356fb358, type: 3}
      propertyPath: m_LocalEulerAnglesHint.x
      value: 0
      objectReference: {fileID: 0}
    - target: {fileID: 4180469323904254, guid: 1f1181424ea20d64ea8a1054356fb358, type: 3}
      propertyPath: m_LocalEulerAnglesHint.y
      value: 0
      objectReference: {fileID: 0}
    - target: {fileID: 4180469323904254, guid: 1f1181424ea20d64ea8a1054356fb358, type: 3}
      propertyPath: m_LocalEulerAnglesHint.z
      value: 0
      objectReference: {fileID: 0}
    m_RemovedComponents: []
  m_SourcePrefab: {fileID: 100100000, guid: 1f1181424ea20d64ea8a1054356fb358, type: 3}
--- !u!4 &429290300280486764 stripped
Transform:
  m_CorrespondingSourceObject: {fileID: 4180469323904254, guid: 1f1181424ea20d64ea8a1054356fb358,
    type: 3}
  m_PrefabInstance: {fileID: 431218967205810066}
  m_PrefabAsset: {fileID: 0}
--- !u!1001 &1604535829370996508
PrefabInstance:
  m_ObjectHideFlags: 0
  serializedVersion: 2
  m_Modification:
    m_TransformParent: {fileID: 996865854933812824}
    m_Modifications:
    - target: {fileID: 1550026871934628, guid: 1f1181424ea20d64ea8a1054356fb358, type: 3}
      propertyPath: m_Name
      value: Briefcase
      objectReference: {fileID: 0}
    - target: {fileID: 4180469323904254, guid: 1f1181424ea20d64ea8a1054356fb358, type: 3}
      propertyPath: m_RootOrder
      value: 0
      objectReference: {fileID: 0}
    - target: {fileID: 4180469323904254, guid: 1f1181424ea20d64ea8a1054356fb358, type: 3}
      propertyPath: m_LocalPosition.x
      value: 0.604
      objectReference: {fileID: 0}
    - target: {fileID: 4180469323904254, guid: 1f1181424ea20d64ea8a1054356fb358, type: 3}
      propertyPath: m_LocalPosition.y
      value: 0.74
      objectReference: {fileID: 0}
    - target: {fileID: 4180469323904254, guid: 1f1181424ea20d64ea8a1054356fb358, type: 3}
      propertyPath: m_LocalPosition.z
      value: -9.616485e-10
      objectReference: {fileID: 0}
    - target: {fileID: 4180469323904254, guid: 1f1181424ea20d64ea8a1054356fb358, type: 3}
      propertyPath: m_LocalRotation.w
      value: 1
      objectReference: {fileID: 0}
    - target: {fileID: 4180469323904254, guid: 1f1181424ea20d64ea8a1054356fb358, type: 3}
      propertyPath: m_LocalRotation.x
      value: 0.000000021855694
      objectReference: {fileID: 0}
    - target: {fileID: 4180469323904254, guid: 1f1181424ea20d64ea8a1054356fb358, type: 3}
      propertyPath: m_LocalRotation.y
      value: -0
      objectReference: {fileID: 0}
    - target: {fileID: 4180469323904254, guid: 1f1181424ea20d64ea8a1054356fb358, type: 3}
      propertyPath: m_LocalRotation.z
      value: -0
      objectReference: {fileID: 0}
    - target: {fileID: 4180469323904254, guid: 1f1181424ea20d64ea8a1054356fb358, type: 3}
      propertyPath: m_LocalEulerAnglesHint.x
      value: 0
      objectReference: {fileID: 0}
    - target: {fileID: 4180469323904254, guid: 1f1181424ea20d64ea8a1054356fb358, type: 3}
      propertyPath: m_LocalEulerAnglesHint.y
      value: 0
      objectReference: {fileID: 0}
    - target: {fileID: 4180469323904254, guid: 1f1181424ea20d64ea8a1054356fb358, type: 3}
      propertyPath: m_LocalEulerAnglesHint.z
      value: 0
      objectReference: {fileID: 0}
    m_RemovedComponents: []
  m_SourcePrefab: {fileID: 100100000, guid: 1f1181424ea20d64ea8a1054356fb358, type: 3}
--- !u!4 &1606288394181161954 stripped
Transform:
  m_CorrespondingSourceObject: {fileID: 4180469323904254, guid: 1f1181424ea20d64ea8a1054356fb358,
    type: 3}
  m_PrefabInstance: {fileID: 1604535829370996508}
  m_PrefabAsset: {fileID: 0}
--- !u!1001 &2481275919504593100
PrefabInstance:
  m_ObjectHideFlags: 0
  serializedVersion: 2
  m_Modification:
    m_TransformParent: {fileID: 0}
    m_Modifications:
    - target: {fileID: 815170591158734932, guid: 2cc96e8d46f366f4f818f422436805b4,
        type: 3}
      propertyPath: m_IsActive
      value: 1
      objectReference: {fileID: 0}
    - target: {fileID: 2337131731412506850, guid: 2cc96e8d46f366f4f818f422436805b4,
        type: 3}
      propertyPath: workPlaceType
      value: 9
      objectReference: {fileID: 0}
    - target: {fileID: 2337131731412506850, guid: 2cc96e8d46f366f4f818f422436805b4,
        type: 3}
      propertyPath: characterToSpawn
      value: 10
      objectReference: {fileID: 0}
    - target: {fileID: 2903265988022403104, guid: 2cc96e8d46f366f4f818f422436805b4,
        type: 3}
      propertyPath: m_RootOrder
      value: 0
      objectReference: {fileID: 0}
    - target: {fileID: 2903265988022403104, guid: 2cc96e8d46f366f4f818f422436805b4,
        type: 3}
      propertyPath: m_LocalPosition.x
      value: 0
      objectReference: {fileID: 0}
    - target: {fileID: 2903265988022403104, guid: 2cc96e8d46f366f4f818f422436805b4,
        type: 3}
      propertyPath: m_LocalPosition.y
      value: 0
      objectReference: {fileID: 0}
    - target: {fileID: 2903265988022403104, guid: 2cc96e8d46f366f4f818f422436805b4,
        type: 3}
      propertyPath: m_LocalPosition.z
      value: 0
      objectReference: {fileID: 0}
    - target: {fileID: 2903265988022403104, guid: 2cc96e8d46f366f4f818f422436805b4,
        type: 3}
      propertyPath: m_LocalRotation.w
      value: 1
      objectReference: {fileID: 0}
    - target: {fileID: 2903265988022403104, guid: 2cc96e8d46f366f4f818f422436805b4,
        type: 3}
      propertyPath: m_LocalRotation.x
      value: 0
      objectReference: {fileID: 0}
    - target: {fileID: 2903265988022403104, guid: 2cc96e8d46f366f4f818f422436805b4,
        type: 3}
      propertyPath: m_LocalRotation.y
      value: 0
      objectReference: {fileID: 0}
    - target: {fileID: 2903265988022403104, guid: 2cc96e8d46f366f4f818f422436805b4,
        type: 3}
      propertyPath: m_LocalRotation.z
      value: 0
      objectReference: {fileID: 0}
    - target: {fileID: 2903265988022403104, guid: 2cc96e8d46f366f4f818f422436805b4,
        type: 3}
      propertyPath: m_LocalEulerAnglesHint.x
      value: 0
      objectReference: {fileID: 0}
    - target: {fileID: 2903265988022403104, guid: 2cc96e8d46f366f4f818f422436805b4,
        type: 3}
      propertyPath: m_LocalEulerAnglesHint.y
      value: 0
      objectReference: {fileID: 0}
    - target: {fileID: 2903265988022403104, guid: 2cc96e8d46f366f4f818f422436805b4,
        type: 3}
      propertyPath: m_LocalEulerAnglesHint.z
      value: 0
      objectReference: {fileID: 0}
    - target: {fileID: 2903265988022403105, guid: 2cc96e8d46f366f4f818f422436805b4,
        type: 3}
      propertyPath: m_Name
      value: WorkplaceCTO
      objectReference: {fileID: 0}
    - target: {fileID: 2904371545056107472, guid: 2cc96e8d46f366f4f818f422436805b4,
        type: 3}
      propertyPath: m_IsActive
      value: 0
      objectReference: {fileID: 0}
    - target: {fileID: 3051309783199764845, guid: 2cc96e8d46f366f4f818f422436805b4,
        type: 3}
      propertyPath: m_IsActive
      value: 1
      objectReference: {fileID: 0}
    - target: {fileID: 7477191031611020583, guid: 2cc96e8d46f366f4f818f422436805b4,
        type: 3}
      propertyPath: m_RootOrder
      value: 0
      objectReference: {fileID: 0}
    - target: {fileID: 7477191031611020583, guid: 2cc96e8d46f366f4f818f422436805b4,
        type: 3}
      propertyPath: m_LocalPosition.x
      value: 0
      objectReference: {fileID: 0}
    - target: {fileID: 7477191031611020583, guid: 2cc96e8d46f366f4f818f422436805b4,
        type: 3}
      propertyPath: m_LocalPosition.z
      value: -0.3
      objectReference: {fileID: 0}
    m_RemovedComponents: []
  m_SourcePrefab: {fileID: 100100000, guid: 2cc96e8d46f366f4f818f422436805b4, type: 3}
--- !u!4 &735487679234833172 stripped
Transform:
  m_CorrespondingSourceObject: {fileID: 2908121843589884888, guid: 2cc96e8d46f366f4f818f422436805b4,
    type: 3}
  m_PrefabInstance: {fileID: 2481275919504593100}
  m_PrefabAsset: {fileID: 0}
--- !u!1001 &5113561517644658046
PrefabInstance:
  m_ObjectHideFlags: 0
  serializedVersion: 2
  m_Modification:
    m_TransformParent: {fileID: 996865854933812824}
    m_Modifications:
    - target: {fileID: 1550026871934628, guid: 1f1181424ea20d64ea8a1054356fb358, type: 3}
      propertyPath: m_Name
      value: Briefcase (6)
      objectReference: {fileID: 0}
    - target: {fileID: 4180469323904254, guid: 1f1181424ea20d64ea8a1054356fb358, type: 3}
      propertyPath: m_RootOrder
      value: 6
      objectReference: {fileID: 0}
    - target: {fileID: 4180469323904254, guid: 1f1181424ea20d64ea8a1054356fb358, type: 3}
      propertyPath: m_LocalPosition.x
      value: -0.55
      objectReference: {fileID: 0}
    - target: {fileID: 4180469323904254, guid: 1f1181424ea20d64ea8a1054356fb358, type: 3}
      propertyPath: m_LocalPosition.y
      value: 0.74
      objectReference: {fileID: 0}
    - target: {fileID: 4180469323904254, guid: 1f1181424ea20d64ea8a1054356fb358, type: 3}
      propertyPath: m_LocalPosition.z
      value: -0.000000032346428
      objectReference: {fileID: 0}
    - target: {fileID: 4180469323904254, guid: 1f1181424ea20d64ea8a1054356fb358, type: 3}
      propertyPath: m_LocalRotation.w
      value: 1
      objectReference: {fileID: 0}
    - target: {fileID: 4180469323904254, guid: 1f1181424ea20d64ea8a1054356fb358, type: 3}
      propertyPath: m_LocalRotation.x
      value: 0.000000021855694
      objectReference: {fileID: 0}
    - target: {fileID: 4180469323904254, guid: 1f1181424ea20d64ea8a1054356fb358, type: 3}
      propertyPath: m_LocalRotation.y
      value: -0
      objectReference: {fileID: 0}
    - target: {fileID: 4180469323904254, guid: 1f1181424ea20d64ea8a1054356fb358, type: 3}
      propertyPath: m_LocalRotation.z
      value: -0
      objectReference: {fileID: 0}
    - target: {fileID: 4180469323904254, guid: 1f1181424ea20d64ea8a1054356fb358, type: 3}
      propertyPath: m_LocalEulerAnglesHint.x
      value: 0
      objectReference: {fileID: 0}
    - target: {fileID: 4180469323904254, guid: 1f1181424ea20d64ea8a1054356fb358, type: 3}
      propertyPath: m_LocalEulerAnglesHint.y
      value: 0
      objectReference: {fileID: 0}
    - target: {fileID: 4180469323904254, guid: 1f1181424ea20d64ea8a1054356fb358, type: 3}
      propertyPath: m_LocalEulerAnglesHint.z
      value: 0
      objectReference: {fileID: 0}
    m_RemovedComponents: []
  m_SourcePrefab: {fileID: 100100000, guid: 1f1181424ea20d64ea8a1054356fb358, type: 3}
--- !u!4 &5114364072365293952 stripped
Transform:
  m_CorrespondingSourceObject: {fileID: 4180469323904254, guid: 1f1181424ea20d64ea8a1054356fb358,
    type: 3}
  m_PrefabInstance: {fileID: 5113561517644658046}
  m_PrefabAsset: {fileID: 0}
--- !u!1001 &7216231266239607927
PrefabInstance:
  m_ObjectHideFlags: 0
  serializedVersion: 2
  m_Modification:
    m_TransformParent: {fileID: 996865854933812824}
    m_Modifications:
    - target: {fileID: 1550026871934628, guid: 1f1181424ea20d64ea8a1054356fb358, type: 3}
      propertyPath: m_Name
      value: Briefcase (4)
      objectReference: {fileID: 0}
    - target: {fileID: 4180469323904254, guid: 1f1181424ea20d64ea8a1054356fb358, type: 3}
      propertyPath: m_RootOrder
      value: 4
      objectReference: {fileID: 0}
    - target: {fileID: 4180469323904254, guid: 1f1181424ea20d64ea8a1054356fb358, type: 3}
      propertyPath: m_LocalPosition.x
      value: 0.604
      objectReference: {fileID: 0}
    - target: {fileID: 4180469323904254, guid: 1f1181424ea20d64ea8a1054356fb358, type: 3}
      propertyPath: m_LocalPosition.y
      value: 0.74
      objectReference: {fileID: 0}
    - target: {fileID: 4180469323904254, guid: 1f1181424ea20d64ea8a1054356fb358, type: 3}
      propertyPath: m_LocalPosition.z
      value: -0.20000003
      objectReference: {fileID: 0}
    - target: {fileID: 4180469323904254, guid: 1f1181424ea20d64ea8a1054356fb358, type: 3}
      propertyPath: m_LocalRotation.w
      value: 1
      objectReference: {fileID: 0}
    - target: {fileID: 4180469323904254, guid: 1f1181424ea20d64ea8a1054356fb358, type: 3}
      propertyPath: m_LocalRotation.x
      value: 0.000000021855694
      objectReference: {fileID: 0}
    - target: {fileID: 4180469323904254, guid: 1f1181424ea20d64ea8a1054356fb358, type: 3}
      propertyPath: m_LocalRotation.y
      value: -0
      objectReference: {fileID: 0}
    - target: {fileID: 4180469323904254, guid: 1f1181424ea20d64ea8a1054356fb358, type: 3}
      propertyPath: m_LocalRotation.z
      value: -0
      objectReference: {fileID: 0}
    - target: {fileID: 4180469323904254, guid: 1f1181424ea20d64ea8a1054356fb358, type: 3}
      propertyPath: m_LocalEulerAnglesHint.x
      value: 0
      objectReference: {fileID: 0}
    - target: {fileID: 4180469323904254, guid: 1f1181424ea20d64ea8a1054356fb358, type: 3}
      propertyPath: m_LocalEulerAnglesHint.y
      value: 0
      objectReference: {fileID: 0}
    - target: {fileID: 4180469323904254, guid: 1f1181424ea20d64ea8a1054356fb358, type: 3}
      propertyPath: m_LocalEulerAnglesHint.z
      value: 0
      objectReference: {fileID: 0}
    m_RemovedComponents: []
  m_SourcePrefab: {fileID: 100100000, guid: 1f1181424ea20d64ea8a1054356fb358, type: 3}
--- !u!4 &7218124542232543369 stripped
Transform:
  m_CorrespondingSourceObject: {fileID: 4180469323904254, guid: 1f1181424ea20d64ea8a1054356fb358,
    type: 3}
  m_PrefabInstance: {fileID: 7216231266239607927}
  m_PrefabAsset: {fileID: 0}
--- !u!1001 &7420890398836352402
PrefabInstance:
  m_ObjectHideFlags: 0
  serializedVersion: 2
  m_Modification:
    m_TransformParent: {fileID: 996865854933812824}
    m_Modifications:
    - target: {fileID: 1550026871934628, guid: 1f1181424ea20d64ea8a1054356fb358, type: 3}
      propertyPath: m_Name
      value: Briefcase (5)
      objectReference: {fileID: 0}
    - target: {fileID: 4180469323904254, guid: 1f1181424ea20d64ea8a1054356fb358, type: 3}
      propertyPath: m_RootOrder
      value: 5
      objectReference: {fileID: 0}
    - target: {fileID: 4180469323904254, guid: 1f1181424ea20d64ea8a1054356fb358, type: 3}
      propertyPath: m_LocalPosition.x
      value: -0.55
      objectReference: {fileID: 0}
    - target: {fileID: 4180469323904254, guid: 1f1181424ea20d64ea8a1054356fb358, type: 3}
      propertyPath: m_LocalPosition.y
      value: 0.74
      objectReference: {fileID: 0}
    - target: {fileID: 4180469323904254, guid: 1f1181424ea20d64ea8a1054356fb358, type: 3}
      propertyPath: m_LocalPosition.z
      value: 0.24999997
      objectReference: {fileID: 0}
    - target: {fileID: 4180469323904254, guid: 1f1181424ea20d64ea8a1054356fb358, type: 3}
      propertyPath: m_LocalRotation.w
      value: 1
      objectReference: {fileID: 0}
    - target: {fileID: 4180469323904254, guid: 1f1181424ea20d64ea8a1054356fb358, type: 3}
      propertyPath: m_LocalRotation.x
      value: 0.000000021855694
      objectReference: {fileID: 0}
    - target: {fileID: 4180469323904254, guid: 1f1181424ea20d64ea8a1054356fb358, type: 3}
      propertyPath: m_LocalRotation.y
      value: -0
      objectReference: {fileID: 0}
    - target: {fileID: 4180469323904254, guid: 1f1181424ea20d64ea8a1054356fb358, type: 3}
      propertyPath: m_LocalRotation.z
      value: -0
      objectReference: {fileID: 0}
    - target: {fileID: 4180469323904254, guid: 1f1181424ea20d64ea8a1054356fb358, type: 3}
      propertyPath: m_LocalEulerAnglesHint.x
      value: 0
      objectReference: {fileID: 0}
    - target: {fileID: 4180469323904254, guid: 1f1181424ea20d64ea8a1054356fb358, type: 3}
      propertyPath: m_LocalEulerAnglesHint.y
      value: 0
      objectReference: {fileID: 0}
    - target: {fileID: 4180469323904254, guid: 1f1181424ea20d64ea8a1054356fb358, type: 3}
      propertyPath: m_LocalEulerAnglesHint.z
      value: 0
      objectReference: {fileID: 0}
    m_RemovedComponents: []
  m_SourcePrefab: {fileID: 100100000, guid: 1f1181424ea20d64ea8a1054356fb358, type: 3}
--- !u!4 &7418157138741350764 stripped
Transform:
  m_CorrespondingSourceObject: {fileID: 4180469323904254, guid: 1f1181424ea20d64ea8a1054356fb358,
    type: 3}
  m_PrefabInstance: {fileID: 7420890398836352402}
  m_PrefabAsset: {fileID: 0}
--- !u!1001 &7511708740218796998
PrefabInstance:
  m_ObjectHideFlags: 0
  serializedVersion: 2
  m_Modification:
    m_TransformParent: {fileID: 996865854933812824}
    m_Modifications:
    - target: {fileID: 1550026871934628, guid: 1f1181424ea20d64ea8a1054356fb358, type: 3}
      propertyPath: m_Name
      value: Briefcase (3)
      objectReference: {fileID: 0}
    - target: {fileID: 4180469323904254, guid: 1f1181424ea20d64ea8a1054356fb358, type: 3}
      propertyPath: m_RootOrder
      value: 3
      objectReference: {fileID: 0}
    - target: {fileID: 4180469323904254, guid: 1f1181424ea20d64ea8a1054356fb358, type: 3}
      propertyPath: m_LocalPosition.x
      value: 0.604
      objectReference: {fileID: 0}
    - target: {fileID: 4180469323904254, guid: 1f1181424ea20d64ea8a1054356fb358, type: 3}
      propertyPath: m_LocalPosition.y
      value: 0.74
      objectReference: {fileID: 0}
    - target: {fileID: 4180469323904254, guid: 1f1181424ea20d64ea8a1054356fb358, type: 3}
      propertyPath: m_LocalPosition.z
      value: 0.19999997
      objectReference: {fileID: 0}
    - target: {fileID: 4180469323904254, guid: 1f1181424ea20d64ea8a1054356fb358, type: 3}
      propertyPath: m_LocalRotation.w
      value: 1
      objectReference: {fileID: 0}
    - target: {fileID: 4180469323904254, guid: 1f1181424ea20d64ea8a1054356fb358, type: 3}
      propertyPath: m_LocalRotation.x
      value: 0.000000021855694
      objectReference: {fileID: 0}
    - target: {fileID: 4180469323904254, guid: 1f1181424ea20d64ea8a1054356fb358, type: 3}
      propertyPath: m_LocalRotation.y
      value: -0
      objectReference: {fileID: 0}
    - target: {fileID: 4180469323904254, guid: 1f1181424ea20d64ea8a1054356fb358, type: 3}
      propertyPath: m_LocalRotation.z
      value: -0
      objectReference: {fileID: 0}
    - target: {fileID: 4180469323904254, guid: 1f1181424ea20d64ea8a1054356fb358, type: 3}
      propertyPath: m_LocalEulerAnglesHint.x
      value: 0
      objectReference: {fileID: 0}
    - target: {fileID: 4180469323904254, guid: 1f1181424ea20d64ea8a1054356fb358, type: 3}
      propertyPath: m_LocalEulerAnglesHint.y
      value: 0
      objectReference: {fileID: 0}
    - target: {fileID: 4180469323904254, guid: 1f1181424ea20d64ea8a1054356fb358, type: 3}
      propertyPath: m_LocalEulerAnglesHint.z
      value: 0
      objectReference: {fileID: 0}
    m_RemovedComponents: []
  m_SourcePrefab: {fileID: 100100000, guid: 1f1181424ea20d64ea8a1054356fb358, type: 3}
--- !u!4 &7507546009681760056 stripped
Transform:
  m_CorrespondingSourceObject: {fileID: 4180469323904254, guid: 1f1181424ea20d64ea8a1054356fb358,
    type: 3}
  m_PrefabInstance: {fileID: 7511708740218796998}
  m_PrefabAsset: {fileID: 0}
